<record><leader>00000cas a22000007a 4500</leader><controlfield tag="001">11072362</controlfield><controlfield tag="008">840820d19201963okuwr ne      0    0eng d</controlfield><datafield ind1=" " ind2=" " tag="010"><subfield code="a">sn 88084092 </subfield></datafield><datafield ind1=" " ind2=" " tag="040"><subfield code="a">NMF</subfield><subfield code="b">eng</subfield><subfield code="c">NMF</subfield><subfield code="d">PPM</subfield><subfield code="d">OBN</subfield><subfield code="d">OCLCQ</subfield><subfield code="d">OCLCF</subfield><subfield code="d">OCLCO</subfield></datafield><datafield ind1="1" ind2=" " tag="029"><subfield code="a">AU@</subfield><subfield code="b">000020520890</subfield></datafield><datafield ind1=" " ind2=" " tag="042"><subfield code="a">msc</subfield></datafield><datafield ind1=" " ind2=" " tag="043"><subfield code="a">n-us-ok</subfield></datafield><datafield ind1="0" ind2="4" tag="245"><subfield code="a">The Southeast Oklahoman.</subfield></datafield><datafield ind1="3" ind2=" " tag="246"><subfield code="a">Southeast Oklahoman and the Saturday sun</subfield></datafield><datafield ind1=" " ind2=" " tag="260"><subfield code="a">Hugo, Okla. :</subfield><subfield code="b">Baldwin Print. Co.</subfield></datafield><datafield ind1=" " ind2=" " tag="300"><subfield code="a">v.</subfield></datafield><datafield ind1=" " ind2=" " tag="310"><subfield code="a">Weekly</subfield></datafield><datafield ind1="0" ind2=" " tag="362"><subfield code="a">-v. 43, no. 9 (Feb. 18, 1963).</subfield></datafield><datafield ind1="1" ind2=" " tag="362"><subfield code="a">Began in 1920.</subfield></datafield><datafield ind1=" " ind2=" " tag="500"><subfield code="a">Published as: The Southeast Oklahoman and the Saturday sun, July 2, 1931, and Dec. 24, 1931.</subfield></datafield><datafield ind1=" " ind2=" " tag="588"><subfield code="a">Description based on: Vol. 13, no. 126 (July 6, 1921).</subfield></datafield><datafield ind1=" " ind2="0" tag="651"><subfield code="a">Hugo (Okla.)</subfield><subfield code="v">Newspapers.</subfield></datafield><datafield ind1=" " ind2="0" tag="651"><subfield code="a">Choctaw County (Okla.)</subfield><subfield code="v">Newspapers.</subfield></datafield><datafield ind1=" " ind2="7" tag="655"><subfield code="a">Newspapers.</subfield><subfield code="2">fast</subfield><subfield code="0">(OCoLC)fst01423814</subfield></datafield><datafield ind1=" " ind2="7" tag="651"><subfield code="a">Oklahoma</subfield><subfield code="z">Choctaw County.</subfield><subfield code="2">fast</subfield><subfield code="0">(OCoLC)fst01209208</subfield></datafield><datafield ind1=" " ind2="7" tag="651"><subfield code="a">Oklahoma</subfield><subfield code="z">Hugo.</subfield><subfield code="2">fast</subfield><subfield code="0">(OCoLC)fst01220553</subfield></datafield><datafield ind1=" " ind2=" " tag="752"><subfield code="a">United States</subfield><subfield code="b">Oklahoma</subfield><subfield code="c">Choctaw</subfield><subfield code="d">Hugo.</subfield></datafield><datafield ind1="0" ind2="4" tag="785"><subfield code="t">Boswell news (Boswell, Okla. : 1930)</subfield><subfield code="w">(DLC)sn 96087986</subfield><subfield code="w">(OCoLC)35162830</subfield></datafield></record>